
@misc{ISO1,
	author = {Basavaraj Biradar},
	title = {New Features in Sql Server 2008},
	year = {2011},
	howpublished = {Recuperado de  {https://sqlhints.com/2011/09/11/new-features-in-sql-server-2008/}},
	note = {Accedido 18-08-2019}
}

@misc{ISO2,
	author = {Chad Boyd},
	title = {SQL Server 2008 Features, Function and Value},
	year = {2007},
	howpublished = {Recuperado de  {https://www.mssqltips.com/sqlservertip/1313/sql-server-2008-features-function-and-value/}},
	note = {Accedido 17-08-2019}
}

@misc{ISO3,
	author = {Microsoft},
	title = {What's New (SQL Server 2008)},
	year = {2012},
	howpublished = {Recuperado de  {https://docs.microsoft.com/en-us/previous-versions/sql/sql-server-2008/bb500435(v=sql.100)}},
	note = {Accedido 15-08-2019}
}

@misc{ISO4,
	author = {Donald D. Chamberlin},
	title = {Early History of SQL},
	year = {2012},
	howpublished = {Recuperado de  {https://ieeexplore.ieee.org/stamp/stamp.jsp?arnumber=6359709}},
	note = {Accedido 17-08-2019}
}

@misc{ISO5,
	author = {Víctor José Vergel Rodríguez},
	title = {Administración de base de datos con SQL Server 2008},
	year = {ne},
	howpublished = {Recuperado de  {http://www.v-espino.com/~chema/daw1/tutoriales/SQLServer.pdf}},
	note = {Accedido 18-06-2019}
}
